1834 2909
211 46 395 98 HERGUIAES
410 47 551 96 OETAEUS·
570 47 604 96 V.
621 44 691 101 1676.
743 43 788 91 116

117 179 156 226 're
165 177 242 234 flente,
250 176 338 226 duest?
355 175 447 226 pellicis
456 177 542 240 gaudet
552 191 601 224 sue
726 171 788 229 1676

116 244 224 304 Speeture
233 241 353 305 lacrymas.
381 242 480 290 Contine
490 241 609 289 infirmum
617 241 690 300 jecur,

117 306 210 354 Meter:
226 305 291 354 nefus
301 314 336 354 est
346 307 417 352 ubere
426 315 496 370 etque
506 315 598 354 uterum
609 303 652 354 tibi

82 424 87 432 ,
117 370 226 429 husie,
236 369 278 434 qui
285 385 324 418 me
333 369 439 432 geuuit‘’
446 397 477 407 -
484 371 526 428 Et,
538 370 615 418 dirum
625 368 733 425 fremens,

116 434 200 492 Qualis
210 449 250 496 per
260 436 328 482 urbes
339 434 408 482 duxit
414 435 536 498 Argolicus
546 449 633 489 ueneni,
727 431 790 478 1666

117 497 190 553 cum,
201 499 272 546 victor
278 499 360 556 Erebi,
371 498 428 548 Dite
437 509 562 559 contemti,
573 497 641 557 redit,

116 564 241 610 'Premente
250 563 271 610 F
271 571 325 620 66η
341 563 393 610 talis
402 563 509 612 incubuit
519 579 580 626 rogo·

117 627 178 686 Quis
189 626 222 674 sie
231 627 376 690 triumphans
384 629 452 676 lum
462 628 487 676 in
497 641 565 676 0666
576 625 639 686 stetit

115 691 197 739 Victor
206 693 217 738 1
233 690 286 754 quis
295 691 337 739 1110
346 693 453 755 gentibus
463 693 530 740 vultu
538 691 601 740 dedit

116 755 193 817 leges
203 764 314 818 tyrannus
324 759 336 804 t
351 765 440 819 quanta
449 773 497 820 pax
507 756 582 805 obitus
590 755 646 820 [fuit
653 755 675 818 t]
726 754 787 801 168⁵

117 819 215 867 Haestl're
223 819 345 882 lacrymer
362 821 444 875 cecidit¹
452 821 568 884 impulsus
578 821 642 868 dolet

116 883 193 938 Nobis
204 898 296 947 quoque
305 884 368 947 ipsis.
393 885 472 933 Nemo
482 885 593 934 morituro
603 883 714 948 ingemit:

116 947 175 995 Jum
185 947 240 995 flere
249 948 323 1010 pudiu
334 957 375 996 est
399 949 413 996 I
472 965 544 1013 quum
553 964 622 998 sexus
630 950 697 1010 jubet

116 1012 227 1070 Moerere,
240 1012 303 1060 siccis
312 1012 379 1060 hesit
461 1028 503 1062 ene
515 1013 595 1077 genius

114 1076 230 1139 Stetitque
239 1084 295 1123 usto
304 1092 370 1140 paeue
376 1078 428 1138 jun
440 1077 522 1126 similis
531 1091 621 1140 parens.
726 1076 788 1124 1696

115 1142 148 1187 N
147 1147 196 1187 utr.
213 1140 327 1188 Nullasne
336 1141 361 1188 in
371 1149 433 1188 astru
441 1143 506 1190 misit
516 1143 546 1190 ud
554 1143 653 1205 Superos
662 1155 740 1205 preces

56 1246 61 1257 ,
114 1205 229 1263 Arsurus,
241 1206 316 1251 autin
327 1215 380 1253 vote
388 1206 487 1269 respexit
497 1208 602 1256 dorem?

114 1270 184 1316 Plu.
199 1268 280 1316 Jueuit
290 1269 327 1315 sui
337 1285 441 1326 securum
453 1279 485 1328 et,
497 1271 580 1318 eoelum
591 1271 690 1329 intuens,

113 1332 231 1390 Quaesivit
239 1333 320 1392 001116,
331 1348 420 1381 neem
430 1350 461 1382 ex
471 1334 550 1398 uliqui
560 1342 626 1398 peter

114 1396 249 1459 Doepiceret
258 1397 341 1444 inum:
359 1406 420 1457 tum,
431 1402 515 1448 miuus
525 1399 631 1457 tendens,
641 1399 688 1446 uit:
725 1398 786 1448 1696

113 1463 132 1488 “
144 1461 302 1524 Quicumque
311 1471 377 1524 perte
386 1463 497 1526 prospieis
506 1472 597 1523 uatum,
607 1471 680 1526 peter,

114 1525 162 1582 Te,
173 1534 206 1583 te,
217 1536 292 1587 peter,
301 1541 381 1589 quem,
392 1536 458 1576 noete
469 1527 600 1585 uomuisse,
611 1527 659 1576 dies

113 1589 231 1644 Quaesivit
241 1604 310 1649 unus,
321 1590 412 1638 simees
418 1591 498 1639 leudes
508 1592 571 1640 ceuit
603 1599 607 1602 ’
697 1627 699 1634 ,

112 1654 249 1716 Utrumque
261 1652 416 1716 Pboebilitus,
428 1664 451 1703 et
462 1656 562 1719 scythiae
571 1671 653 1719 genus,

110 1717 243 1773 11101666,
255 1718 344 1777 ardeus,
356 1735 404 1778 ors,
415 1735 487 1783 quem
498 1728 568 1770 torret
577 1721 643 1776 disee
726 1719 787 1776 1766

112 1782 139 1830 Si
149 1797 207 1844 pace
217 1781 285 1829 tellus
295 1782 372 1846 plene,
384 1783 486 1832 sinullae
498 1793 595 1848 gemunt

111 1846 200 1904 Urbes,
212 1861 254 1893 nes
263 1862 314 1894 erus
323 1848 411 1912 impius
417 1847 540 1912 quisquam
551 1849 674 1912 inquinet3

110 1911 137 1958 Si
148 1911 234 1958 seelera
244 1910 336 1972 desunt,
346 1913 454 1976 spiritum
465 1913 561 1962 admitte
571 1913 634 1962 huuc
646 1913 747 1976 (precor)

111 1975 144 2022 In
154 1984 225 2022 astru.
250 1974 301 2024 Nee
310 1992 349 2026 me
359 1977 445 2026 Mortis
454 1977 550 2028 inferne
560 1979 632 2037 10066,

110 2041 137 2086 N
139 2055 166 2086 ee
176 2048 259 2086 musta
269 2041 330 2104 nigri
339 2057 411 2104 regnu
421 2051 549 2092 eonterrent
558 2043 640 2092 Joviss
726 2044 788 2100 1766

110 2103 160 2152 Sed
167 2103 202 2151 ire
212 2103 242 2150 sd
251 2104 305 2152 illos
314 2109 406 2165 umbre,
418 2123 476 2170 quoe
486 2107 539 2166 vici,
554 2107 626 2166 Deos,
704 2148 706 2153 .

110 2169 192 2224 Pater,
204 2171 319 2217 erubeeoo.
342 2172 414 2220 Nube
423 2171 533 2230 discussit,
541 2171 606 2220 'diem

111 2233 205 2293 Pande,
216 2241 244 2280 ut
255 2233 361 2283 Deorum
371 2237 451 2285 vultus
461 2235 579 2284 ardentem
590 2237 716 2286 Herculem

110 2297 220 2360 Spectetz
237 2297 291 2345 lieet
301 2308 327 2348 tu
338 2301 412 2349 sidua
422 2309 444 2349 et
454 2301 570 2348 mundum
581 2315 658 2363 neges,

109 2361 191 2421 11160,
203 2370 277 2425 peter,
288 2367 376 2428 eogere.
398 2365 425 2413 Si
435 2381 500 2414 600
510 2365 575 2412 dolor
725 2364 787 2420 1716

109 2425 245 2474 Abstulerit
255 2429 324 2488 ullus,
335 2430 411 2493 pende
421 2438 473 2478 tum
484 2429 575 2492 stygios
585 2430 658 2488 lseus,

109 2489 145 2538 Et
155 2491 226 2540 redde
237 2492 317 2542 Fatua
404 2497 435 2543 be
445 2502 528 2542 nutum
537 2493 609 2556 prius
685 2504 688 2509 '

109 2555 353 2620 Utdignueustr'u'
407 2556 610 2620 ‚hufuuetdiee
