1834 2909
297 108 470 159 TROADDS.
486 108 533 158 1v.
549 110 606 166 979.
734 106 785 158 343

112 240 203 288 Phoebo
230 254 267 289 ue.
333 273 335 277 .

195 255 253 353 11111.
269 305 363 367 Regum
373 304 434 351 hene
441 302 560 351 maximus
568 310 642 351 rector
651 309 721 351 teret
737 303 787 359 979

112 372 175 417 Hoc.
191 370 264 417 Estne
274 368 365 433 uliquis,
378 369 501 415 Hecubam
512 367 553 431 qui
562 382 629 415 suem
639 366 685 414 dici
695 367 770 416 velit?

111 436 171 481 Hel.
187 434 267 481 Ithaco
278 432 379 497 obtigisti
389 432 468 496 predo
478 431 565 479 nolenti
574 432 656 480 brevis.
736 434 782 480 981

112 500 174 545 Hes.
192 498 252 557 Quis
263 506 311 545 tum
321 498 436 560 impotens
446 512 473 544 ec
482 496 556 554 dirus,
567 505 591 544 et
599 496 686 561 iniquis
695 496 759 545 tems

111 562 209 610 Sortitur
219 577 284 609 urnae
293 562 386 625 regibus
396 575 461 624 reges
470 560 552 609 dedit?

111 626 174 685 Quis
183 635 232 675 tam
243 625 332 674 sinister
342 625 424 673 dividit
433 633 511 687 reptes
521 625 608 674 Deus?

112 690 175 749 Quis
185 691 269 738 arbiter
279 690 385 748 cnrdelis,
396 698 420 737 et
429 688 519 737 miseris
528 690 612 753 granis,
735 690 784 739 995

109 754 205 817 Erigere
215 754 320 803 dominos
329 754 422 802 nescit?
438 762 461 801 et
471 753 532 802 nevi
541 768 614 802 manu

111 820 165 866 Det
174 820 254 881 inique
264 819 352 866 miseris
363 818 429 866 fetu?
443 819 496 881 quis
505 827 604 865 matrem
615 819 722 868 Hectoris

110 884 195 931 Armis
205 883 305 933 Achillis
315 882 413 931 miscet?
428 882 458 929 ed
470 884 571 945 [lessen
582 898 656 931 vocor.

109 949 139 995 N
139 963 185 995 unc
195 947 262 1007 victa,
271 962 334 995 nunc
344 946 441 1009 captive,
453 961 516 993 nunc
526 948 614 995 cuncus
624 947 683 995 mihi

109 1012 213 1061 Obsessa
223 1012 300 1059 videor
311 1012 426 1071 cladibus„
446 1011 546 1058 Domini
553 1011 634 1074 pudet,
738 1012 786 1060 999
846 1036 850 1043 ’

110 1077 172 1125 Non
183 1076 303 1139 servitutis.
330 1076 437 1124 Hectoris
448 1076 549 1137 spolium
559 1076 626 1133 feret,

110 1140 165 1199 Qui
175 1140 229 1188 tulit
238 1140 358 1188 Achillis?
374 1140 473 1198 sterilis,
484 1148 507 1187 et
517 1139 583 1187 sevis
595 1138 659 1186 fretis

110 1205 216 1264 Inclusa,
229 1202 309 1269 [tellus
319 1219 366 1251 non
377 1204 438 1267 cepit
447 1204 549 1252 tumulos
559 1204 642 1263 meos]

110 1270 177 1327 Duc,
189 1269 241 1328 duc,
254 1270 352 1333 Ulysser
370 1268 404 1315 nil
414 1283 506 1316 moror:
524 1267 645 1316 dominum
656 1282 746 1332 oequor.

109 1334 158 1381 Me
168 1349 219 1380 mea
229 1340 354 1396 sequentur
364 1333 426 1381 fotu:
443 1347 492 1379 non
501 1332 584 1395 pelago
595 1331 661 1396 quies
738 1334 787 1381 995

109 1397 251 1460 Tranquillis
262 1397 352 1444 venietz
370 1397 447 1444 saeviet
459 1396 534 1444 ventis
544 1412 616 1455 mare,
673 1454 677 1461 ι

109 1462 147 1509 Et
157 1462 226 1521 belis,
239 1470 262 1509 et
272 1460 341 1524 ignis,
353 1470 444 1519 etnicis,
456 1469 479 1507 et
490 1460 578 1507 Priami
588 1462 658 1509 mals.

109 1526 226 1590 Dumque
235 1526 279 1573 istu
289 1526 392 1583 veniunt,
403 1525 496 1571 interim
506 1524 550 1572 hoc
560 1540 634 1589 poenoe
643 1526 695 1574 looo
705 1534 753 1573 est:

113 1592 206 1639 Sortem
217 1589 334 1653 occupavi,
346 1589 469 1653 praemium
479 1588 555 1652 eripui
564 1590 648 1637 tibi.—

147 1654 193 1703 Sed
202 1654 296 1703 incitato
305 1654 411 1717 Pyrrhus
422 1654 519 1701 occurrit
529 1654 611 1717 gradu,
724 1656 787 1703 1999

109 1720 236 1783 Vultuque
246 1718 462 1781 torvo—Pyrrhe,
473 1718 531 1794 ‹puid
541 1722 633 1768 cessus?
649 1734 701 1783 ege,

111 1783 218 1843 Redude
228 1784 288 1832 ferro
298 1792 386 1845 pectus,
398 1791 421 1830 et
430 1782 533 1831 Achillis
542 1784 578 1830 tui

111 1849 236 1911 Conjunge
246 1863 340 1895 soceros.
363 1849 445 1911 Perge,
456 1855 567 1895 mactator
576 1863 657 1896 senum
668 1850 675 1896 !

111 1914 148 1961 Et
158 1912 196 1959 hio
203 1912 268 1961 decet
278 1919 301 1959 te
311 1913 404 1975 sanguis
412 1929 418 1960 ι
436 1914 556 1973 abreptam
563 1913 644 1961 trahe:

111 1976 601 2039 MaculoteSuperoecaedefumstheos3
726 1977 788 2025 1995

111 2041 234 2099 Meculste
245 2042 336 2089 Mones.
360 2041 426 2100 Quid
434 2055 513 2104 precer
523 2040 605 2089 vobis?
621 2057 701 2104 precor

113 2106 161 2155 His
172 2106 242 2168 digna
253 2105 322 2153 sacris
333 2121 431 2169 aequora.
457 2101 511 2153 Hoc
520 2106 587 2153 ossei
594 2106 682 2155 accidat

114 2170 172 2218 Toti
183 2170 293 2232 Pelasgas,
305 2172 392 2219 ratibus
402 2171 446 2218 hoc
456 2170 522 2218 mille
532 2170 629 2229 cecidet,

113 2235 179 2283 Meae
188 2236 305 2301 precabor,
316 2250 371 2285 cum
381 2234 460 2295 vehar,
471 2235 586 2299 quidquid
597 2236 648 2284 reti.

308 2426 425 2475 Gnonns
438 2406 593 2476 Trosnnnr.

113 2558 192 2607 Dulce
202 2556 305 2605 moerenti
315 2556 563 2621 populusdolentbm
727 2559 789 2607 1919

91 2662 96 2673 ,
114 2623 193 2671 Dulce
202 2622 308 2670 lumentis
319 2636 424 2671 resonare
433 2630 522 2686 'geum
635 2634 637 2639 ·
