1834 2909
211 76 393 135 eunomus
406 79 553 133 1111113118.
569 80 601 129 V.
621 73 693 128 1303,
749 73 786 125 ta·

112 210 154 259 sic
164 218 238 261 statue
249 212 363 278 quidquid
372 212 463 273 eunus,
473 217 680 284 uteauaamtuun
719 202 783 253 1306

113 274 261 341 Famamque
271 278 296 325 in
306 286 368 326 arcto
377 286 436 325 stare
446 285 470 324 et
479 276 573 352 ancipiti
583 288 647 322 stne.

112 340 168 387 Aut
178 340 244 400 vivia,
255 349 296 389 aut
304 341 396 389 occidis.
419 342 489 389 Heus
498 354 602 388 emmam
611 338 696 397 levem,

114 401 257 469 Fessamque
267 406 338 465 senio,
349 420 392 453 nee
401 405 479 452 miuus
486 418 594 468 quassum
601 401 679 460 molis,

112 466 145 513 In
157 482 195 517 ore
205 470 281 532 primo
291 478 365 518 tenen.
388 470 450 517 Tam
461 467 595 531 terdepetri
720 462 783 511 1310

110 530 196 580 Vitam
206 534 248 582 das
257 533 358 597 uliquis?
376 535 432 581 Non
442 533 516 582 feram
526 531 623 579 ulterius
632 542 736 577 moram:
778 555 782 561 .

114 594 197 645 letale
207 598 266 645 ferro
276 606 355 661 peetus
366 598 477 661 impresso
486 596 597 644 induamr

114 659 174 721 Hic,
185 662 225 710 bie
233 662 317 724 janebit
328 662 436 709 Heredis
447 661 497 709 seni
504 660 584 709 soelus.

111 726 190 773 Herc.
206 723 263 775 Iam
277 741 351 789 parce,
365 726 462 790 genitor,
477 740 560 789 paree3
575 726 625 787 jam
638 736 719 771 mosa
732 734 785 767 ma·

213 804 278 837 num.

113 853 254 913 succumbe,
266 854 354 911 virtus3
371 854 445 918 perfer
454 852 578 917 imperium
588 852 667 915 potr-is.
722 847 783 896 1315

113 916 163 965 Est
174 918 205 965 ad
215 918 303 967 labores
312 918 350 967 bit
360 933 453 981 quoque
464 917 590 965 Herculeos
599 918 680 972 iabou

113 980 239 1029 vivamus.
262 983 336 1031 Astus
346 983 420 1031 alleva
430 982 524 1029 afflictos
535 982 592 1038 solo,

113 1044 219 1105 Theseu,
230 1047 343 1110 parentisr
357 1046 439 1095 dextre
448 1054 565 1094 00an
574 1044 625 1109 pios

113 1110 232 1158 Scelerate
241 1111 333 1174 refugit.

267 1176 355 1238 Amph
373 1174 441 1223 Hauc
452 1188 549 1221 manum
560 1172 685 1235 amplector
694 1170 781 1219 utens:

114 1238 170 1286 Hae
179 1239 249 1287 nixus
259 1240 313 1287 ibo:
331 1238 416 1303 pectori
425 1238 486 1287 hanc
497 1254 559 1301 regno
569 1238 703 1295 admovens,
721 1235 784 1282 1320

114 1302 209 1351 Pellam
219 1303 314 1353 dolorm.
708 1329 713 1344 1

298 1370 371 1417 Herc.
388 1368 467 1427 Quem
477 1368 555 1415 locum
565 1366 677 1429 profugus
687 1363 784 1429 poam?

113 1429 165 1480 Ubi
175 1448 215 1481 me
224 1432 364 1481 reoondam?
380 1431 455 1496 quive
465 1432 546 1480 tellure
556 1433 671 1479 obruam?

114 1496 177 1555 Quis
190 1498 286 1557 Tanais,
297 1507 338 1545 aut
349 1497 401 1560 quia
413 1496 493 1553 Nilus,
503 1505 544 1544 aut
554 1495 606 1561 quia
616 1494 708 1543 Persidi

115 1559 240 1609 Violentus
251 1561 314 1609 uudd
327 1560 413 1624 Tigris,
425 1569 466 1609 eut
476 1561 574 1609 Rhenus
584 1560 657 1619 ferox,

116 1623 227 1687 Tagusve
237 1626 305 1675 Iberis
316 1625 421 1673 turbidus
431 1625 490 1689 gezi
500 1625 582 1685 fluens,
724 1622 785 1669 1325

114 1688 221 1737 Abluere
232 1690 336 1739 dextram
347 1689 446 1753 poterit?
462 1690 576 1738 Arctoum
586 1688 640 1736 lieet

116 1752 212 1801 Maeoes
221 1754 246 1801 in
257 1770 296 1802 me
305 1754 382 1817 gelida
391 1754 538 1801 transfundat
547 1767 619 1811 mare,

116 1817 151 1865 Et
161 1827 211 1865 tote
222 1818 311 1882 Tethys
322 1834 363 1881 per
373 1834 436 1865 meus
449 1827 525 1865 currat
534 1832 627 1876 manus,

115 1881 223 1931 Haerebit
233 1884 306 1929 altum
316 1882 412 1930 facinus.
437 1883 468 1930 In
495 1898 536 1947 uas
546 1881 632 1944 impius

117 1946 203 1994 Terras
214 1946 323 1995 recedes?
340 1946 469 1995 Ortuman
570 1947 688 2009 mpetes?
724 1943 786 1991 1330

116 2010 214 2073 Ubique
224 2019 301 2070 notus,
312 2010 401 2073 perdidi
412 2010 493 2058 exsilio
502 2011 588 2057 locum.

116 2074 162 2122 Me
170 2074 256 2138 refugit
267 2076 334 2123 orbis.
360 2075 432 2122 Aetna
440 2084 578 2122 transversos
588 2081 662 2137 egunt

117 2139 224 2203 Obliqus
235 2154 330 2195 cursuse
342 2139 395 2202 'ipse
406 2138 479 2186 Titan
490 2138 616 2185 Cerberum

117 2203 219 2251 Meliore
229 2204 297 2251 vultu
307 2204 371 2251 vidit.
396 2203 420 2251 Ο
431 2202 506 2249 fidum
517 2210 595 2265 eaput,

116 2267 225 2317 Theseu!
243 2269 356 2316 latebram
366 2282 443 2331 quoere
453 2266 614 2329 longinquum,
624 2265 734 2314 obditam.

115 2332 294 2397 Quoniamque,
306 2348 395 2395 semper
405 2330 494 2379 sceleris
504 2330 572 2379 alieni
582 2330 673 2391 arbiter,
727 2329 789 2378 1336

116 2396 193 2445 Amas
205 2406 321 2457 nocentes,
333 2396 431 2459 gratiam
442 2395 530 2443 meritis
539 2395 598 2442 refer

116 2460 249 2525 vicemque
263 2461 360 2509 nostrise
377 2459 446 2509 redde
456 2474 494 2506 me
504 2458 599 2506 infernis
610 2459 709 2519 (prebor)

116 2525 215 2574 Umbris
224 2524 362 2585 reductum
376 2540 461 2589 meque
470 2524 599 2584 subjectum
611 2520 656 2568 tuis
