1834 2909
214 76 217 83 .
288 40 461 91 TROADES.
479 41 531 90 111.
547 42 603 89 6³4.
732 38 781 87 3³³

11 228 12 231 Ἴ
108 168 216 219 Dedisoit
225 170 317 218 animus
327 184 386 231 sero,
399 170 462 235 quod
472 170 553 219 didicit
563 170 612 218 diu.

113 235 194 295 Ulyss.
213 234 321 283 Lustrale
332 235 443 298 quoniam
453 235 556 283 debiturn
567 232 641 282 muris
650 247 709 296 puer
734 231 782 279 635

109 300 209 347 Sacrum
219 299 348 357 antecessit,
356 314 398 347 nec
408 308 485 363 potest
495 313 571 347 varan
581 297 656 362 sequi,

108 363 210 412 Meliore
219 364 267 411 fato
277 372 356 427 raptus
362 381 371 423 ς
387 365 430 412 hoc
441 363 539 413 Calchas
549 364 583 410 ait

109 427 186 475 Modo
197 428 255 492 piari
265 444 331 491 posse
341 428 452 476 redituras
463 438 531 488 rates,

109 492 138 539 Si
148 492 223 555 placet
232 492 307 541 undas
318 492 424 541 Hectoris
434 494 507 557 sparsi
517 493 583 553 cinis,

107 555 149 603 Ac
160 556 264 604 tumulus
274 557 323 605 imo
333 566 395 605 totus
406 566 509 620 aquemr
519 557 574 605 eolo.
734 553 782 602 646

107 620 137 667 N
138 635 192 680 unc,
203 621 242 668 ille
253 622 363 685 quonism
374 621 476 670 debitam
486 621 568 685 effirgit
578 635 668 681 neom,

108 684 167 732 Erit
176 685 320 735 admovenda
329 685 421 734 aedibus
431 684 500 733 sacris
510 700 601 733 manus.

108 749 192 797 Andr.
207 749 273 823 Quid
290 749 402 813 agimus?
427 750 533 799 animum
550 749 657 798 distrahit
673 747 780 812 geruinus

110 878 177 927 Hinc
188 885 264 937 natus,
275 878 339 926 illinc
349 879 453 941 conjugis
464 879 510 927 cari
521 880 586 928 cinis.

109 943 171 991 Para
181 951 235 989 utra
244 942 336 991 vincet?
353 944 436 991 Testor
446 940 547 992 irirmites
558 944 630 1004 Deos,
732 942 781 989 ott

109 1006 221 1070 Deosque
231 1022 304 1065 veros,
315 1007 419 1070 conjugis
430 1008 516 1057 Manes
523 1009 578 1067 mei,

109 1070 168 1118 Non
179 1070 251 1131 aliud,
263 1072 359 1129 Hector,
370 1071 394 1118 in
406 1086 458 1119 meo
469 1083 523 1121 nato
534 1073 592 1120 mihi

109 1135 214 1195 Placere,
226 1151 297 1199 quam
307 1144 337 1183 te.
371 1134 450 1195 Vivat,
461 1145 489 1183 ut
498 1138 570 1200 possit
580 1145 632 1185 tuos

109 1199 208 1247 Referre
218 1200 304 1247 vultus.
311 1226 342 1235 -
352 1199 464 1248 Prorutus
473 1203 565 1249 tumulo
575 1200 633 1248 cinis

110 1263 252 1326 Mergetur?
269 1264 440 1313 ossafluetibus
451 1266 528 1329 spargi
538 1266 612 1313 sinam
735 1262 784 1309 656

111 1327 218 1387 Disjects
227 1328 315 1377 nutis?
337 1328 419 1376 Potius
428 1328 467 1377 hic
475 1339 573 1377 mortem
583 1335 719 1393 oppetat-

110 1392 203 1439 Poteris
213 1392 318 1441 nefande
328 1391 432 1442 deditum
442 1403 516 1441 meter
526 1393 576 1442 neci

111 1455 218 1505 Videre?
234 1457 319 1518 poteris
330 1458 389 1505 celsa
399 1474 440 1521 per
449 1458 543 1521 fastida

111 1520 217 1568 Missum
228 1520 316 1569 rotari?
344 1521 445 1579 Potero;
461 1522 590 1585 perpetim
606 1521 689 1580 feram,

111 1584 181 1633 Dum
192 1599 238 1633 non
248 1600 323 1645 meus,
334 1594 386 1647 post
397 1586 452 1647 iata,
465 1586 558 1635 victoris
567 1600 639 1633 manu
665 1602 670 1607 ¹
735 1582 783 1629 655

111 1648 220 1697 Jactetur
231 1650 326 1698 Hector.
335 1675 367 1685 —
375 1650 423 1698 Hic
433 1665 499 1699 marn
510 1665 603 1713 poenam
613 1656 689 1712 potest

110 1713 217 1770 Sentir03
235 1720 259 1763 at
268 1714 337 1762 iilum
348 1714 395 1761 fata
403 1715 489 1775 jamin
500 1723 550 1761 tuto
560 1715 680 1763 locant-

112 1777 181 1836 Quid
191 1778 308 1827 fluctuaris
317 1782 328 1827 t
346 1788 428 1839 statue,
439 1794 509 1843 quern
520 1794 593 1841 poenae
603 1776 719 1826 extrahas.

111 1842 219 1905 Ingrata,
231 1841 341 1891 dubitas?
358 1843 445 1891 Hector
455 1851 489 1890 est
498 1842 545 1891 illic
556 1851 618 1890 tirus.

110 1906 201 1954 Erras:
219 1907 335 1971 utrimque
343 1908 486 1955 estHectorr
504 1906 542 1955 hie
552 1909 727 1971 sensdspotene

111 1970 202 2020 Forsan
212 1971 305 2019 sutunrs
315 1972 376 2019 ultor
387 1971 492 2019 exstincti
503 1972 580 2033 patris.
736 1971 783 2018 661

110 2034 215 2098 Utrique
266 2036 344 2085 cinon
354 2044 436 2099 potest
468 2034 589 2094 Quidnam
599 2036 674 2084 dois?

110 2100 185 2155 Serva
196 2115 209 2147 e
236 2102 319 2160 uobus,
330 2100 416 2160 anime,
428 2114 499 2163 quem
508 2100 588 2147 Danai
597 2100 687 2147 timent.

110 2165 195 2225 Ulyxe.
214 2164 334 2227 Responsa
344 2180 471 2228 peragamr
487 2164 593 2212 funditus
603 2166 671 2212 busta
680 2178 768 2213 auam.

110 2228 193 2277 Andr.
209 2228 271 2287 Quae
281 2230 431 2277 vendidistis?

264 2296 342 2355 Ulyss.
359 2293 468 2357 Pergam,
479 2301 503 2341 et
513 2309 526 2343 e
536 2308 628 2341 summo
638 2307 721 2356 aggere
737 2292 785 2340 665

112 2356 220 2405 Trebam
234 2358 344 2423 sepulcra

113 2463 115 2467 .
371 2424 449 2471 Andr.
466 2421 576 2471 celitum
586 2421 680 2485 appello
689 2420 769 2480 fidem,

109 2487 242 2551 Fidemque
248 2484 357 2537 Achillis.
380 2488 478 2551 Pyrrhe,
488 2486 597 2549 genitoris
607 2486 642 2535 mi

109 2552 205 2599 Munus
215 2559 287 2600 tuere.
